<?xml version = "1.0" encoding = "UTF-8"?><OAI-PMH xmlns="http://www.openarchives.org/OAI/2.0/" xmlns:xsi="http://www.w3.org/2001/XMLSchema-instance" xsi:schemaLocation="http://www.openarchives.org/OAI/2.0/ http://www.openarchives.org/OAI/2.0/OAI-PMH.xsd"><ListRecords><record><header><identifier>aleph-publish:005856792</identifier></header><metadata><record xmlns="http://www.ddb.de/professionell/mabxml/mabxml-1.xsd"><leader>00603vM2.01200024------h</leader><controlfield tag="LDR">00603vM2.01200024------h</controlfield><controlfield tag="FMT">MH</controlfield><datafield tag="001" ind1="-" ind2="1"><subfield code="a">HT000909138</subfield></datafield><datafield tag="002" ind1="a" ind2="1"><subfield code="a">19931225</subfield></datafield><datafield tag="003" ind1="-" ind2="1"><subfield code="a">20220525114800.0</subfield></datafield><datafield tag="025" ind1="o" ind2="1"><subfield code="a">263560195</subfield></datafield><controlfield tag="030">a|1uc||||||37</controlfield><datafield tag="036" ind1="a" ind2="1"><subfield code="a">DE</subfield></datafield><datafield tag="037" ind1="b" ind2="1"><subfield code="a">ger</subfield></datafield><controlfield tag="050">a|||||||||||||</controlfield><controlfield tag="051">s|||||||</controlfield><datafield tag="070" ind1="-" ind2="1"><subfield code="a">294</subfield></datafield><datafield tag="070" ind1="b" ind2="1"><subfield code="a">294/18</subfield></datafield><datafield tag="080" ind1="-" ind2="1"><subfield code="a">60</subfield></datafield><datafield tag="100" ind1="b" ind2="1"><subfield code="p">Röhrich, Wilfried</subfield><subfield code="d">1936-</subfield><subfield code="b">[Hrsg.]</subfield><subfield code="9">(DE-588)119446413</subfield></datafield><datafield tag="101" ind1="-" ind2="1"><subfield code="p">Rūrīš, Wīlfrīd</subfield><subfield code="d">1936-</subfield></datafield><datafield tag="331" ind1="-" ind2="1"><subfield code="a">&apos;Demokratische&apos; Elitenherrschaft</subfield></datafield><datafield tag="335" ind1="-" ind2="1"><subfield code="a">Traditionsbestände eines sozialwissenschaftlichen Problems</subfield></datafield><datafield tag="359" ind1="-" ind2="1"><subfield code="a">hrsg. von Wilfried Röhrich</subfield></datafield><datafield tag="410" ind1="-" ind2="1"><subfield code="a">Darmstadt</subfield></datafield><datafield tag="412" ind1="-" ind2="1"><subfield code="a">Wissenschaftl. Buchges.</subfield></datafield><datafield tag="425" ind1="a" ind2="1"><subfield code="a">1975</subfield></datafield><datafield tag="433" ind1="-" ind2="1"><subfield code="a">XII, 359 S.</subfield></datafield><datafield tag="451" ind1="-" ind2="1"><subfield code="a">Wege der Forschung ; 239</subfield></datafield><datafield tag="453" ind1="-" ind2="1"><subfield code="a">HT001237175</subfield></datafield><datafield tag="455" ind1="-" ind2="1"><subfield code="a">239</subfield></datafield><datafield tag="456" ind1="-" ind2="1"><subfield code="a">239</subfield></datafield><datafield tag="540" ind1="a" ind2="1"><subfield code="a">3-534-04643-9</subfield></datafield><datafield tag="700" ind1="l" ind2="1"><subfield code="a">610</subfield></datafield><datafield tag="700" ind1="l" ind2="1"><subfield code="a">630</subfield></datafield><datafield tag="700" ind1="g" ind2="1"><subfield code="a">MB 3250</subfield></datafield><datafield tag="700" ind1="g" ind2="1"><subfield code="a">MD 1700</subfield></datafield><datafield tag="700" ind1="g" ind2="1"><subfield code="a">MS 1480</subfield></datafield><datafield tag="902" ind1="-" ind2="1"><subfield code="s">Elite</subfield><subfield code="9">(DE-588)4014457-4</subfield></datafield><datafield tag="902" ind1="-" ind2="1"><subfield code="s">Demokratie</subfield><subfield code="9">(DE-588)4011413-2</subfield></datafield><datafield tag="902" ind1="-" ind2="1"><subfield code="s">Gesellschaft</subfield><subfield code="9">(DE-588)4020588-5</subfield></datafield><datafield tag="903" ind1="-" ind2="1"><subfield code="a">132</subfield><subfield code="a">231</subfield><subfield code="a">321</subfield></datafield><controlfield tag="SYS">005856792</controlfield><datafield tag="LOW" ind1="-" ind2="1"><subfield code="a">K0001</subfield></datafield><datafield tag="LOW" ind1="-" ind2="1"><subfield code="a">R0003</subfield></datafield><datafield tag="LOW" ind1="-" ind2="1"><subfield code="a">R0001</subfield></datafield><datafield tag="LOW" ind1="-" ind2="1"><subfield code="a">B0001</subfield></datafield><datafield tag="LOW" ind1="-" ind2="1"><subfield code="a">Q1037</subfield></datafield><datafield tag="LOW" ind1="-" ind2="1"><subfield code="a">Q0001</subfield></datafield><datafield tag="LOW" ind1="-" ind2="1"><subfield code="a">B4026</subfield></datafield><datafield tag="LOW" ind1="-" ind2="1"><subfield code="a">R1007</subfield></datafield><datafield tag="LOW" ind1="-" ind2="1"><subfield code="a">B2001</subfield></datafield><datafield tag="LOW" ind1="-" ind2="1"><subfield code="a">K1032</subfield></datafield><datafield tag="LOW" ind1="-" ind2="1"><subfield code="a">B4006</subfield></datafield><datafield tag="952" ind1="-" ind2="1"><subfield code="s">Führungsgruppe</subfield></datafield><datafield tag="952" ind1="-" ind2="1"><subfield code="s">Führungsschicht</subfield></datafield><datafield tag="952" ind1="-" ind2="1"><subfield code="s">Eliten</subfield></datafield><datafield tag="952" ind1="-" ind2="1"><subfield code="s">Volksherrschaft</subfield></datafield><datafield tag="952" ind1="-" ind2="1"><subfield code="s">Demokratischer Staat</subfield></datafield><datafield tag="952" ind1="-" ind2="1"><subfield code="s">Democracy</subfield></datafield><datafield tag="088" ind1=" " ind2=" "><subfield code="a">294/11</subfield><subfield code="b">00011000</subfield><subfield code="c">Np 30.9/8</subfield><subfield code="e">keine ILL</subfield></datafield><datafield tag="088" ind1=" " ind2=" "><subfield code="a">294/17</subfield><subfield code="b">00017000</subfield><subfield code="c">Q3-1133A</subfield><subfield code="e">keine ILL</subfield></datafield><datafield tag="088" ind1=" " ind2=" "><subfield code="a">294</subfield><subfield code="b">00000033</subfield><subfield code="c">DNA4625</subfield><subfield code="e">ILL Ausleihe</subfield></datafield><datafield tag="088" ind1=" " ind2=" "><subfield code="a">294</subfield><subfield code="b">00000033</subfield><subfield code="c">DNA4625+1</subfield><subfield code="e">ILL Ausleihe</subfield></datafield><datafield tag="088" ind1=" " ind2=" "><subfield code="a">38</subfield><subfield code="b">00000001</subfield><subfield code="c">2G8474</subfield><subfield code="e">ILL Ausleihe</subfield></datafield><datafield tag="088" ind1=" " ind2=" "><subfield code="a">38</subfield><subfield code="b">00004006</subfield><subfield code="c">77/235</subfield><subfield code="e">ILL Ausleihe</subfield></datafield><datafield tag="088" ind1=" " ind2=" "><subfield code="a">5</subfield><subfield code="b">00000000</subfield><subfield code="c">75/2644</subfield><subfield code="e">ILL Ausleihe</subfield></datafield><datafield tag="088" ind1=" " ind2=" "><subfield code="a">929</subfield><subfield code="b">00000000</subfield><subfield code="c">S = S 4 Dem</subfield><subfield code="e">ILL Ausleihe</subfield></datafield><datafield tag="088" ind1=" " ind2=" "><subfield code="a">5/162</subfield><subfield code="b">00052001</subfield><subfield code="c">SOZ C-739</subfield><subfield code="e">keine ILL</subfield></datafield><datafield tag="088" ind1=" " ind2=" "><subfield code="a">294/38</subfield><subfield code="b">00038000</subfield><subfield code="c">G D IVc 52</subfield><subfield code="e">keine ILL</subfield></datafield><datafield tag="088" ind1=" " ind2=" "><subfield code="a">987</subfield><subfield code="b">00000000</subfield><subfield code="c">S 06 Dem</subfield><subfield code="e">Keine Angabe</subfield></datafield><datafield tag="088" ind1=" " ind2=" "><subfield code="a">107</subfield><subfield code="b">00001000</subfield><subfield code="c">5.9455</subfield><subfield code="e">ILL Ausleihe</subfield></datafield><datafield tag="088" ind1=" " ind2=" "><subfield code="a">38/132</subfield><subfield code="b">00010001</subfield><subfield code="c">SOZ/38773</subfield><subfield code="e">ILL Ausleihe</subfield></datafield><datafield tag="088" ind1=" " ind2=" "><subfield code="a">386/32</subfield><subfield code="c">SOZ 143/004</subfield><subfield code="e">Keine Angabe</subfield></datafield><datafield tag="088" ind1=" " ind2=" "><subfield code="a">6/248</subfield><subfield code="c">X -C- 137</subfield><subfield code="e">keine Angabe</subfield></datafield><datafield tag="088" ind1=" " ind2=" "><subfield code="a">6/069</subfield><subfield code="c">ICS:S 1495</subfield><subfield code="e">keine Angabe</subfield></datafield><datafield tag="088" ind1=" " ind2=" "><subfield code="a">290</subfield><subfield code="b">F_SF</subfield><subfield code="c">5620/Demo</subfield><subfield code="e">ILL nur Kopie</subfield></datafield><datafield tag="088" ind1=" " ind2=" "><subfield code="a">468</subfield><subfield code="b">47</subfield><subfield code="c">OYU1666</subfield><subfield code="e">ausleihbar</subfield></datafield><datafield tag="088" ind1=" " ind2=" "><subfield code="a">466</subfield><subfield code="c">PBZ1028</subfield><subfield code="e">keine Angabe</subfield></datafield><datafield tag="088" ind1=" " ind2=" "><subfield code="a">361</subfield><subfield code="b">12_Mo</subfield><subfield code="c">HT573 D3E4</subfield><subfield code="e">ILL Kopie+Ausl.</subfield></datafield><datafield tag="088" ind1=" " ind2=" "><subfield code="a">361</subfield><subfield code="b">11_Mo</subfield><subfield code="c">KG152 D3E4</subfield><subfield code="e">ILL nur Kopie</subfield></datafield><datafield tag="088" ind1=" " ind2=" "><subfield code="a">465</subfield><subfield code="b">E11</subfield><subfield code="c">ODU1117</subfield><subfield code="e">Ausleihbestand</subfield></datafield><datafield tag="088" ind1=" " ind2=" "><subfield code="a">6/248</subfield><subfield code="c">A 910 - 81</subfield><subfield code="e">keine Angabe</subfield></datafield><datafield tag="088" ind1=" " ind2=" "><subfield code="a">467</subfield><subfield code="c">31OYV2405</subfield><subfield code="e">keine Angabe</subfield></datafield><datafield tag="088" ind1=" " ind2=" "><subfield code="a">61</subfield><subfield code="b">00</subfield><subfield code="c">nc/b0617</subfield><subfield code="e">Ausleihbestand</subfield></datafield><datafield tag="088" ind1=" " ind2=" "><subfield code="a">6</subfield><subfield code="c">3E 45866</subfield><subfield code="e">keine Angabe</subfield></datafield><datafield tag="088" ind1=" " ind2=" "><subfield code="a">708</subfield><subfield code="c">ODU/DEM</subfield><subfield code="e">Keine Angabe</subfield></datafield><datafield tag="088" ind1=" " ind2=" "><subfield code="a">385</subfield><subfield code="b">38</subfield><subfield code="c">EH/sb8772</subfield><subfield code="e">Normalausleihe</subfield></datafield><datafield tag="088" ind1=" " ind2=" "><subfield code="a">385</subfield><subfield code="b">12</subfield><subfield code="c">DO/b4239</subfield><subfield code="e">Normalausleihe</subfield></datafield><datafield tag="088" ind1=" " ind2=" "><subfield code="a">385</subfield><subfield code="b">39</subfield><subfield code="c">FN/sn11903</subfield><subfield code="e">Normalausleihe</subfield></datafield><datafield tag="088" ind1=" " ind2=" "><subfield code="a">6/015</subfield><subfield code="c">G 355/550</subfield><subfield code="e">keine Angabe</subfield></datafield><datafield tag="088" ind1=" " ind2=" "><subfield code="a">6/011</subfield><subfield code="c">Ph:S/II-61</subfield><subfield code="e">keine Angabe</subfield></datafield><datafield tag="088" ind1=" " ind2=" "><subfield code="a">Lan 1</subfield><subfield code="c">soz 60-42</subfield><subfield code="e">Keine Angabe</subfield></datafield><datafield tag="088" ind1=" " ind2=" "><subfield code="a">6/A</subfield><subfield code="c">MD 1700/1</subfield><subfield code="e">keine Angabe</subfield></datafield><datafield tag="088" ind1=" " ind2=" "><subfield code="a">121</subfield><subfield code="b">RU</subfield><subfield code="c">A 12/8401-239</subfield><subfield code="e">10</subfield></datafield><datafield tag="088" ind1=" " ind2=" "><subfield code="a">386/32</subfield><subfield code="c">SOZ 143/004 2.Ex.</subfield><subfield code="e">Keine Angabe</subfield></datafield><datafield tag="088" ind1=" " ind2=" "><subfield code="a">465</subfield><subfield code="b">D21</subfield><subfield code="c">ODU1060_d</subfield><subfield code="e">Ausleihbestand</subfield></datafield><datafield tag="088" ind1=" " ind2=" "><subfield code="a">Kob 7</subfield><subfield code="b">MAGKO</subfield><subfield code="c">SO 852</subfield><subfield code="e">bestellbar</subfield></datafield><datafield tag="088" ind1=" " ind2=" "><subfield code="a">82</subfield><subfield code="c">ZA5799-239</subfield><subfield code="e">keine Angabe</subfield></datafield><datafield tag="088" ind1=" " ind2=" "><subfield code="a">290</subfield><subfield code="b">F_ZB</subfield><subfield code="c">D 8047</subfield><subfield code="e">ILL Kopie+Ausl.</subfield></datafield><datafield tag="700" ind1=" " ind2="9"><subfield code="a">39=FN</subfield><subfield code="2">T0011</subfield></datafield><datafield tag="700" ind1=" " ind2="9"><subfield code="a">38=EH</subfield><subfield code="2">T0011</subfield></datafield><datafield tag="700" ind1=" " ind2="9"><subfield code="a">12=DO</subfield><subfield code="2">T0011</subfield></datafield><datafield tag="700" ind1="h" ind2="9"><subfield code="a">940: Soz A 94: Elite</subfield><subfield code="2">T0010</subfield></datafield><datafield tag="700" ind1="h" ind2="9"><subfield code="a">SO 475</subfield><subfield code="2">kob</subfield></datafield><datafield tag="700" ind1="h" ind2="9"><subfield code="a">SO 455</subfield><subfield code="2">kob</subfield></datafield></record></metadata></record></ListRecords></OAI-PMH>